% ========================================================================
% ARCHIVO DE REFERENCIAS BIBLIOGRÁFICAS
% ========================================================================

% Este archivo contiene las referencias bibliográficas en formato BibTeX
% Asegúrate de actualizar las referencias con información real de tu investigación

@article{autor2019,
    title = {Machine Learning Applications in Data Analytics: A Comprehensive Survey},
    author = {Apellido, Nombre and Apellido2, Nombre2},
    journal = {Journal of Data Science},
    volume = {15},
    number = {3},
    pages = {123--145},
    year = {2019},
    publisher = {Data Science Publications},
    doi = {10.1000/182},
    url = {https://example.com/paper1}
}

@inproceedings{autor2020,
    title = {Advanced Preprocessing Techniques for Big Data Analytics},
    author = {Smith, John and Johnson, Mary},
    booktitle = {Proceedings of the International Conference on Data Mining},
    pages = {456--467},
    year = {2020},
    organization = {IEEE},
    address = {New York, USA},
    doi = {10.1109/ICDM.2020.123}
}

@article{autor2021,
    title = {Ensemble Methods for Predictive Analytics: Performance and Scalability},
    author = {García, Carlos and López, Ana and Martínez, Pedro},
    journal = {IEEE Transactions on Knowledge and Data Engineering},
    volume = {33},
    number = {8},
    pages = {2845--2859},
    year = {2021},
    publisher = {IEEE},
    doi = {10.1109/TKDE.2021.1234567}
}

@article{autor2022,
    title = {Deep Learning Approaches for Time Series Analysis in Financial Markets},
    author = {Zhang, Wei and Liu, Xiaoming and Chen, Ling},
    journal = {Nature Machine Intelligence},
    volume = {4},
    number = {2},
    pages = {89--102},
    year = {2022},
    publisher = {Nature Publishing Group},
    doi = {10.1038/s42256-022-00456-x}
}

@inproceedings{autor2023,
    title = {Interpretable AI for Healthcare: SHAP-based Analysis of Medical Predictions},
    author = {Brown, Sarah and Davis, Michael and Wilson, Jennifer},
    booktitle = {Advances in Neural Information Processing Systems},
    volume = {36},
    pages = {12345--12356},
    year = {2023},
    organization = {NeurIPS},
    url = {https://proceedings.neurips.cc/paper/2023/hash/abcd1234.html}
}

@article{autor2024,
    title = {Transformer Architectures for Multivariate Time Series Forecasting},
    author = {Kumar, Raj and Patel, Priya and Singh, Arun},
    journal = {Machine Learning},
    volume = {113},
    number = {4},
    pages = {1567--1589},
    year = {2024},
    publisher = {Springer},
    doi = {10.1007/s10994-024-6789-x}
}

@book{bishop2006,
    title = {Pattern Recognition and Machine Learning},
    author = {Bishop, Christopher M.},
    year = {2006},
    publisher = {Springer},
    address = {New York},
    isbn = {978-0387310732}
}

@book{hastie2009,
    title = {The Elements of Statistical Learning: Data Mining, Inference, and Prediction},
    author = {Hastie, Trevor and Tibshirani, Robert and Friedman, Jerome},
    edition = {2nd},
    year = {2009},
    publisher = {Springer},
    address = {New York},
    isbn = {978-0387848570}
}

@book{james2013,
    title = {An Introduction to Statistical Learning: with Applications in R},
    author = {James, Gareth and Witten, Daniela and Hastie, Trevor and Tibshirani, Robert},
    year = {2013},
    publisher = {Springer},
    address = {New York},
    isbn = {978-1461471370}
}

@article{breiman2001,
    title = {Random Forests},
    author = {Breiman, Leo},
    journal = {Machine Learning},
    volume = {45},
    number = {1},
    pages = {5--32},
    year = {2001},
    publisher = {Springer},
    doi = {10.1023/A:1010933404324}
}

@article{chen2016,
    title = {XGBoost: A Scalable Tree Boosting System},
    author = {Chen, Tianqi and Guestrin, Carlos},
    journal = {Proceedings of the 22nd ACM SIGKDD International Conference on Knowledge Discovery and Data Mining},
    pages = {785--794},
    year = {2016},
    publisher = {ACM},
    doi = {10.1145/2939672.2939785}
}

@article{lundberg2017,
    title = {A Unified Approach to Interpreting Model Predictions},
    author = {Lundberg, Scott M. and Lee, Su-In},
    journal = {Advances in Neural Information Processing Systems},
    volume = {30},
    pages = {4765--4774},
    year = {2017},
    url = {https://proceedings.neurips.cc/paper/2017/hash/8a20a8621978632d76c43dfd28b67767-Abstract.html}
}

@article{ribeiro2016,
    title = {Why Should I Trust You?: Explaining the Predictions of Any Classifier},
    author = {Ribeiro, Marco Tulio and Singh, Sameer and Guestrin, Carlos},
    journal = {Proceedings of the 22nd ACM SIGKDD International Conference on Knowledge Discovery and Data Mining},
    pages = {1135--1144},
    year = {2016},
    publisher = {ACM},
    doi = {10.1145/2939672.2939778}
}

@inproceedings{vaswani2017,
    title = {Attention is All You Need},
    author = {Vaswani, Ashish and Shazeer, Noam and Parmar, Niki and Uszkoreit, Jakob and Jones, Llion and Gomez, Aidan N. and Kaiser, Lukasz and Polosukhin, Illia},
    booktitle = {Advances in Neural Information Processing Systems},
    volume = {30},
    pages = {5998--6008},
    year = {2017},
    organization = {NeurIPS}
}

@article{lecun2015,
    title = {Deep Learning},
    author = {LeCun, Yann and Bengio, Yoshua and Hinton, Geoffrey},
    journal = {Nature},
    volume = {521},
    number = {7553},
    pages = {436--444},
    year = {2015},
    publisher = {Nature Publishing Group},
    doi = {10.1038/nature14539}
}

@book{goodfellow2016,
    title = {Deep Learning},
    author = {Goodfellow, Ian and Bengio, Yoshua and Courville, Aaron},
    year = {2016},
    publisher = {MIT Press},
    address = {Cambridge, MA},
    isbn = {978-0262035613},
    url = {http://www.deeplearningbook.org}
}

@article{sklearn2011,
    title = {Scikit-learn: Machine Learning in Python},
    author = {Pedregosa, Fabian and Varoquaux, Gaël and Gramfort, Alexandre and Michel, Vincent and Thirion, Bertrand and Grisel, Olivier and Blondel, Mathieu and Prettenhofer, Peter and Weiss, Ron and Dubourg, Vincent and others},
    journal = {Journal of Machine Learning Research},
    volume = {12},
    pages = {2825--2830},
    year = {2011},
    url = {http://jmlr.org/papers/v12/pedregosa11a.html}
}

@inproceedings{tensorflow2015,
    title = {TensorFlow: Large-Scale Machine Learning on Heterogeneous Systems},
    author = {Abadi, Martín and Agarwal, Ashish and Barham, Paul and Brevdo, Eugene and Chen, Zhifeng and Citro, Craig and Corrado, Greg S. and Davis, Andy and Dean, Jeffrey and Devin, Matthieu and others},
    year = {2015},
    url = {https://www.tensorflow.org/},
    note = {Software available from tensorflow.org}
}

@inproceedings{pytorch2019,
    title = {PyTorch: An Imperative Style, High-Performance Deep Learning Library},
    author = {Paszke, Adam and Gross, Sam and Massa, Francisco and Lerer, Adam and Bradbury, James and Chanan, Gregory and Killeen, Trevor and Lin, Zeming and Gimelshein, Natalia and Antiga, Luca and others},
    booktitle = {Advances in Neural Information Processing Systems},
    volume = {32},
    pages = {8026--8037},
    year = {2019},
    organization = {NeurIPS}
}

@misc{pandas2020,
    title = {pandas-dev/pandas: Pandas},
    author = {{The pandas development team}},
    year = {2020},
    publisher = {Zenodo},
    doi = {10.5281/zenodo.3509134},
    url = {https://pandas.pydata.org/}
}

@article{numpy2020,
    title = {Array programming with NumPy},
    author = {Harris, Charles R. and Millman, K. Jarrod and van der Walt, Stéfan J. and Gommers, Ralf and Virtanen, Pauli and Cournapeau, David and Wieser, Eric and Taylor, Julian and Berg, Sebastian and Smith, Nathaniel J. and others},
    journal = {Nature},
    volume = {585},
    number = {7825},
    pages = {357--362},
    year = {2020},
    publisher = {Nature Publishing Group},
    doi = {10.1038/s41586-020-2649-2}
}

% Agrega más referencias según necesites para tu investigación específica
% Recuerda mantener el formato BibTeX consistente y verificar que toda la información esté correcta

@article{referencia_ejemplo,
    title = {Tu Artículo de Referencia},
    author = {Autor, Nombre},
    journal = {Revista Específica},
    volume = {1},
    number = {1},
    pages = {1--10},
    year = {2024},
    publisher = {Editorial},
    doi = {10.1000/ejemplo}
}
